@book{book:1392590,
   title =     {Reactive Messaging Patterns with the Actor Model: Applications and Integration in Scala and Akka},
   author =    {Vaughn Vernon},
   publisher = {Addison-Wesley Professional},
   isbn =      {0133846830,9780133846836},
   year =      {2015},
   series =    {},
   edition =   {1},
   volume =    {},
   url =       {http://gen.lib.rus.ec/book/index.php?md5=51530ab53f0b7c00428b508b7aab465d}
}