
@PHDTHESIS{phdthesis-minimal,
   author = "F. Phidias Phony-Baloney",
   title = "Fighting Fire with Fire: Festooning {F}rench Phrases",
   school = "Fanstord University",
   year = 1988,
 
}



@Book{abramowitz+stegun,
   author =	 "Milton Abramowitz and Irene A. Stegun",
   title = 	 "Handbook of Mathematical Functions with Formulas, 
	 	 Graphs, and Mathematical Tables",
   publisher =	 "Dover",
   year = 	 1964,
   address =	 "New York",
   edition =	 "ninth Dover printing, tenth GPO printing",
   isbn =	 "0-486-61272-4"
 }